@Article{wessel05,
 author = "F. Wessel and H. Ney",
 title = "Unsupervised training of acoustic models for large vocabulary continuous speech recognition",
 journal = "IEEE Transactions on Speech and Audio Processing",
 volume = "13",
 number = "1",
 pages= "23--31",
 year = "2005"
}

@InProceedings{fran2014further,
  author={Gr{\'e}zl, Frantisek and and Egorova, Ekaterina and Karafi{\'a}t, Martin},
  title = "further investigation into multilingual training and adaptation of stacked bottleneck neural network structure",
  booktitle = "SLT",
  year = "2014",
  organization = "IEEE"
}

@Article{yu10,
 author = "K. Yu and M. J. F. Gales and L. Wang and P. C. Woodland",
 title = "Unsupervised training and directed manual transcription for LVCSR",
 journal = "Speech Communications",
 volume = "52",
 number = "7--8",
 pages= "652--663",
 year = "2010"
}
@InProceedings{bbn:novo09,
  author = "S. Novotney and R. M. Schwartz and J. Z. Ma",
  title = "Unsupervised acoustic and language model training with small amounts of labelled data",
  booktitle ="Proc. ICASSP",
  organization = "IEEE",
  year = "2009" 
}
@InProceedings{msr:huang13,
  author = "Y. Huang and D. Yu and Y. Gong and C. Liu",
  title = "Semi-supervised gmm and dnn acoustic model training with multi-system combination and confidence re-calibration",
  booktitle ="Proc. Interspeech",
  year = "2013" 
}
@Article{dyu:msr:csl09,
  author = "D. Yu and B. Varadarajan and L. Deng and A. Acero",
  title = "Active learning and semi-supervised learning for speech recognition: a unified framework using the global entropy reduction maximization criterion",
  journal="Computer Speech and Language",
  year = "2009" 
}
@inproceedings{huang2013cross,
  title={Cross-language knowledge transfer using multilingual deep neural network with shared hidden layers},
  author={Huang, Jui-Ting and Li, Jinyu and Yu, Dong and Deng, Li and Gong, Yifan},
  booktitle={ICASSP},
  year={2013},
  organization={IEEE}
}
@InProceedings{vesely13,
  author = "K. Vesel\'{y}l and M. Hannemann and L. Burget",
  title = "Semi-supervised training of deep neural networks",
  booktitle ="ASRU",
  organization = "IEEE",
  year = "2013" 
}

@inproceedings{ghahremani2014pitch,
  title={A PITCH EXTRACTION ALGORITHM TUNED FOR AUTOMATIC SPEECH RECOGNITION},
  author={Ghahremani, Pegah and BabaAli, Bagher and Povey, Daniel and Riedhammer, Korbinian and Trmal, Jan and Khudanpur, Sanjeev},
  booktitle = {ICASSP},
  year = {2014},
  organization={IEEE}
}


@InProceedings{cu:knill13,
  author = "K. M. Knill and M. J. F. Gales and S. P. Rath and P. C. Woodland and C. Zhang and S. -X. Zhang",
  title = "Investigation of multilingual deep neural networks for spoken term detection",
  booktitle ="ASRU",
  year = "2013" ,
  organization={IEEE}
}
@InProceedings{bbn:roger13,
  author = "R. Hsiao and T. Ng and F. Gr\'{e}zl and D. Karakos and S. Ksakalidis and L. Nguyen and R. Schwartz",
  title = "Discriminative semi-supervised training for keyword search in low resource languages",
  booktitle ="ASRU",
  year = "2013",
  organization={IEEE}
}
@InProceedings{semi13,
  author = "F. Gre\'{z}l and M. Karafi\'{a}t",
  title = "Semi-supversied bootstrapping approach for neural network feature extractor training",
  booktitle ="ASRU",
  organization = "IEEE",
  year = "2013" 
}
@InProceedings{jhu13,
  author = "S. Thomas and M. Seltzer and K. Church and H. Hermansky",
  title = "Deep neural network features and semi-supervised training for low resource speech recognition",
  booktitle ="ICASSP",
  organization = "IEEE",
  year = "2013" 
}

@InProceedings{kaldi11,
  author = "D. Povey and A. Ghoshal and G.Boulianne and L. Burget and O.Glembek and N. Goel and M. Hannermann and P. Motl\'{i}\v{c}ek and Y. Qian and P. Schwartz and J. Silovsk\'{y} and G. Stemmer and K. Vesel\'{y}",
  title = "The Kaldi speech recognition toolkit",
  booktitle ="ASRU",
  organization = "IEEE",
  year = "2011" 
}

@Article{conf01,
 author = "F.Wessel and R. Schl{\"u}ter and K. Macherey and H. Ney",
 title = "Confidence measures for large vocabulary continuous speech recognition",
 journal = "IEEE Transactions on Speech and Audio Processing",
 pages= "288--298",
 year = "2001"
}

@inproceedings{xu2014semi,
  title={Semi-supervised Training for Bottle-neck Feature based DNN-HMM Hybrid Systems},
  author={Xu, Haihua and Su, Hang and Chng, Eng-Siong and Li, Haizhou},
  booktitle={Proc. Interspeech},
  year={2014}
}

@inproceedings{miao2014distributed,
  title={Distributed learning of multilingual DNN feature extractors using GPUs},
  author={Miao, Yajie and Zhang, Hao and Metze, Florian},
  booktitle={Proc. Interspeech},
  year={2014}
}

@inproceedings{heigold2013multilingual,
  title={Multilingual acoustic models using distributed deep neural networks},
  author={Heigold, Georg and Vanhoucke, Vincent and Senior, Andrew and Nguyen, Patrick and Ranzato, M and Devin, Matthieu and Dean, Jeffrey},
  booktitle={ICASSP},
  year={2013},
  organization={IEEE}
}

@inproceedings{grezl2014adaptation,
  title={Adaptation of multilingual stacked bottle-neck neural network structure for new language},
  author={Gr{\'e}zl, Frantisek and Karafi{\'a}t, Martin and Vesely, Karel},
  booktitle={ICASSP},
  year={2014},
  organization={IEEE}
}

@inproceedings{wegmann2013tao,
  title={The Tao of ATWV: Probing the mysteries of keyword search performance},
  author={Wegmann, Steven and Faria, Arlo and Janin, Adam and Riedhammer, Korbinian and Morgan, Nelson},
  booktitle={ASRU},
  year={2013},
  organization={IEEE}
}

@InProceedings{pengyuan2014semi,
  author={Pengyuan Zhang and Yulan Liu and Thomas Hain},
  title = "SEMI-SUPERVISED DNN TRAINING IN MEETING RECOGNITION",
  booktitle = "SLT",
  year = "2014",
  organization={IEEE}
}

@inproceedings{wei2014submodular,
  title={Submodular subset selection for large-scale speech training data},
  author={Wei, Kai and Liu, Yuzong and Kirchhoff, Katrin and Bartels, Chris and Bilmes, Jeff},
  booktitle={ICASSP},
  year={2014},
  organization={IEEE}
}

@inproceedings{vu2014multilingual,
  title={Multilingual deep neural network based acoustic modeling for rapid language adaptation},
  author={Vu, Ngoc Thang and Imseng, David and Povey, Daniel and Motlicek, Petr and Schultz, Tanja and Bourlard, Herv{\'e}},
  booktitle={ICASSP},
  year={2014},
  organization={IEEE}
}

@inproceedings{zhang2014language,
  title={Language ID-based training of multilingual stacked bottleneck features},
  author={Zhang, Yu and Chuangsuwanich, Ekapol and Glass, James},
  booktitle={Proc. Interspeech},
  year={2014}
}

@inproceedings{grezl2014combination,
  title={Combination of Multilingual and Semi-Supervised Training for Under-Resourced Languages},
  author={Gr{\'e}zl, Franti{\v{s}}ek and Karafi{\'a}t, Martin},
  booktitle={Proc. Interspeech},
  year={2014}
}

@inproceedings{vu2014investigating,
  title={Investigating the Learning Effect of Multilingual Bottle-Neck Features for ASR},
  author={Vu, Ngoc Thang and Weiner, Jochen and Schultz, Tanja},
  booktitle={Proc. Interspeech},
  year={2014}
}


@inproceedings{thomas2013deep,
  title={Deep neural network features and semi-supervised training for low resource speech recognition},
  author={Thomas, Samuel and Seltzer, Michael L and Church, Kenneth and Hermansky, Hynek},
  booktitle={ICASSP},
  year={2013},
  organization={IEEE}
}

@inproceedings{xu2010improved,
  title={An improved consensus-like method for minimum Bayes risk decoding and lattice combination},
  author={Xu, Haihua and Povey, Daniel and Mangu, Lidia and Zhu, Jie},
  booktitle={ICASSP},
  year={2010},
  organization={IEEE}
}

@inproceedings{grezl2010hierarchical,
  title={Hierarchical neural net architectures for feature extraction in ASR.},
  author={Gr{\'e}zl, Frantisek and Karafi{\'a}t, Martin},
  booktitle={Proc. Interspeech},
  year={2010}
}
@book{bourlard1994connectionist,
  title={Connectionist speech recognition: a hybrid approach},
  author={Bourlard, Herve A and Morgan, Nelson},
  volume={247},
  year={1994},
  publisher={Springer Science \& Business Media}
}

@article{hinton2006fast,
  title={A fast learning algorithm for deep belief nets},
  author={Hinton, Geoffrey and Osindero, Simon and Teh, Yee-Whye},
  journal={Neural computation},
  volume={18},
  number={7},
  pages={1527--1554},
  year={2006},
  publisher={MIT Press}
}

@inproceedings{mohamed2011deep,
  title={Deep belief networks using discriminative features for phone recognition},
  author={Mohamed, Abdel-rahman and Sainath, Tara N and Dahl, George and Ramabhadran, Bhuvana and Hinton, Geoffrey E and Picheny, Michael A},
  booktitle={ICASSP},
  year={2011},
  organization={IEEE}
}

@inproceedings{ghoshal2013multilingual,
  title={Multilingual training of deep neural networks},
  author={Ghoshal, Arnab and Swietojanski, Pawel and Renals, Steve},
  booktitle={Acoustics, Speech and Signal Processing (ICASSP), 2013 IEEE International Conference on},
  year={2013},
  organization={IEEE}
}

@book{gales1996generation,
  title={The generation and use of regression class trees for MLLR adaptation},
  author={Gales, Mark JF},
  year={1996},
  publisher={University of Cambridge, Department of Engineering}
}
